<record><leader>00000cas a22000007a 4500</leader><controlfield tag="001">11931567</controlfield><controlfield tag="008">850417d18041816vauir ne      0    0eng d</controlfield><datafield ind1=" " ind2=" " tag="010"><subfield code="a">sn 85025815 </subfield></datafield><datafield ind1=" " ind2=" " tag="040"><subfield code="a">NPX</subfield><subfield code="b">eng</subfield><subfield code="c">NPX</subfield><subfield code="d">NPU</subfield><subfield code="d">DLC</subfield><subfield code="d">MGN</subfield><subfield code="d">CNK</subfield><subfield code="d">NVK</subfield><subfield code="d">OCL</subfield><subfield code="d">KRTAS</subfield><subfield code="d">OCLCF</subfield><subfield code="d">OCLCO</subfield></datafield><datafield ind1="1" ind2=" " tag="029"><subfield code="a">AU@</subfield><subfield code="b">000025823804</subfield></datafield><datafield ind1=" " ind2=" " tag="042"><subfield code="a">msc</subfield></datafield><datafield ind1="0" ind2="0" tag="050"><subfield code="a">Newspaper 10063</subfield></datafield><datafield ind1="0" ind2=" " tag="130"><subfield code="a">Norfolk gazette and publick ledger (Norfolk, Va. : 1804 : Triweekly)</subfield></datafield><datafield ind1="0" ind2="0" tag="245"><subfield code="a">Norfolk gazette and publick ledger.</subfield></datafield><datafield ind1="0" ind2="0" tag="246"><subfield code="a">Publick ledger</subfield></datafield><datafield ind1="0" ind2="0" tag="246"><subfield code="a">Norfolk gazette and public ledger</subfield></datafield><datafield ind1=" " ind2=" " tag="260"><subfield code="a">Norfolk [Va.] :</subfield><subfield code="b">John Cowper &amp; George L. Gray,</subfield><subfield code="c">1804-1816.</subfield></datafield><datafield ind1=" " ind2=" " tag="300"><subfield code="a">v. :</subfield><subfield code="b">ill. ;</subfield><subfield code="c">49 cm.</subfield></datafield><datafield ind1=" " ind2=" " tag="310"><subfield code="a">Triweekly,</subfield><subfield code="b">Mar. 20, 1815-1816.</subfield></datafield><datafield ind1=" " ind2=" " tag="321"><subfield code="a">Triweekly,</subfield><subfield code="b">1804-Mar. 10, 1813</subfield></datafield><datafield ind1=" " ind2=" " tag="321"><subfield code="a">Semiweekly,</subfield><subfield code="b">Mar. 20, 1813-Mar. 16, 1815</subfield></datafield><datafield ind1="0" ind2=" " tag="362"><subfield code="a">Vol. 1, no. 1 (July 17, 1804)-v. 13, no. 27 (Sept. 17, 1816).</subfield></datafield><datafield ind1=" " ind2=" " tag="500"><subfield code="a">Publisher: William Davis for the Proprietor, &lt;1805&gt;-1816.</subfield></datafield><datafield ind1=" " ind2=" " tag="530"><subfield code="a">Also available on microfilm from Bell &amp; Howell, Micro Photo Div.</subfield></datafield><datafield ind1=" " ind2="0" tag="651"><subfield code="a">Norfolk (Va.)</subfield><subfield code="v">Newspapers.</subfield></datafield><datafield ind1=" " ind2="7" tag="655"><subfield code="a">Newspapers.</subfield><subfield code="2">fast</subfield><subfield code="0">(OCoLC)fst01423814</subfield></datafield><datafield ind1=" " ind2="7" tag="651"><subfield code="a">Virginia</subfield><subfield code="z">Norfolk.</subfield><subfield code="2">fast</subfield><subfield code="0">(OCoLC)fst01206844</subfield></datafield><datafield ind1="1" ind2=" " tag="700"><subfield code="a">Cowper, John.</subfield></datafield><datafield ind1="1" ind2=" " tag="700"><subfield code="a">Gray, George Lewis,</subfield><subfield code="d">1777?-1808.</subfield></datafield><datafield ind1="1" ind2=" " tag="700"><subfield code="a">Davis, William.</subfield></datafield><datafield ind1=" " ind2=" " tag="752"><subfield code="a">United States</subfield><subfield code="b">Virginia</subfield><subfield code="d">Norfolk.</subfield></datafield><datafield ind1=" " ind2=" " tag="938"><subfield code="a">Kirtas Technologies, Inc.</subfield><subfield code="b">KRTS</subfield><subfield code="n">739130</subfield></datafield></record>